<?xml version="1.0" encoding="UTF-8"?><collection xmlns="http://www.loc.gov/MARC21/slim"><record><leader>00372nam--2200133-i-4500</leader><controlfield tag="001">000032601</controlfield><controlfield tag="002">20161230</controlfield><controlfield tag="005">20161230201039</controlfield><controlfield tag="008">060222s1000------------r-----000-0-eng-d</controlfield><datafield ind1=" " ind2=" " tag="080"><subfield code="a">001.818:061.6(047)</subfield></datafield><datafield ind1=" " ind2=" " tag="100"><subfield code="a">Medici, Giuseppe</subfield></datafield><datafield ind1=" " ind2=" " tag="245"><subfield code="a">Rapport sur l`energie nucleaire en italie</subfield></datafield><datafield ind1=" " ind2=" " tag="260"><subfield code="a">Rome, Comitato Nazionale Per L`Energia Nucleare, 1964. 96p</subfield></datafield><datafield ind1=" " ind2=" " tag="852"><subfield code="a">25110</subfield></datafield></record></collection>